%% This BibTeX bibliography file was created using BibDesk.
%% http://bibdesk.sourceforge.net/


%% Created for Christian Kaethner at 2015-08-27 15:53:50 +0200 


%% Saved with string encoding Unicode (UTF-8) 



@article{Dalitz,
  title = {Iterative Hough Transform for Line Detection in 3D Point Clouds},
  volume = {7},
  ISSN = {2105-1232},
  url = {http://dx.doi.org/10.5201/ipol.2017.208},
  DOI = {10.5201/ipol.2017.208},
  publisher = {Image Processing On Line},
  journal = {Image Processing On Line},
  author = {Dalitz,  Christoph and Schramke,  Tilman and Jeltsch,  Manuel},
  year = {2017},
  month = jul,
  pages = {184–196}
}

@inproceedings{Nguyen,
author = {Nguyen, V.T. and Martinelli, A. and Tomatis, Nicola and Siegwart, Roland},
year = {2005},
month = {09},
pages = {1929 - 1934},
title = {A Comparison of Line Extraction Algorithms using 2D Laser Rangefinder for Indoor Mobile Robotics},
journal = {IEEE/RSJ International Conference on Intelligent Robots and Systems},
doi = {10.1109/IROS.2005.1545234}
}

@article{Xin,
title = {Accurate and complete line segment extraction for large-scale point clouds},
journal = {International Journal of Applied Earth Observation and Geoinformation},
volume = {128},
year = {2024},
issn = {1569-8432},
doi = {https://doi.org/10.1016/j.jag.2024.103728},
url = {https://www.sciencedirect.com/science/article/pii/S1569843224000827},
author = {Xiaopeng Xin and Wei Huang and Saishang Zhong and Ming Zhang and Zheng Liu and Zhong Xie},
}

@misc{Ivanov,
      title={EVOLIN Benchmark: Evaluation of Line Detection and Association}, 
      author={Kirill Ivanov and Gonzalo Ferrer and Anastasiia Kornilova},
      year={2023},
      eprint={2303.05162},
      archivePrefix={arXiv},
      primaryClass={cs.CV},
      url={https://arxiv.org/abs/2303.05162}, 
}

@misc{pca,
      title={A Tutorial on Principal Component Analysis}, 
      author={Jonathon Shlens},
      year={2014},
      eprint={1404.1100},
      archivePrefix={arXiv},
      primaryClass={cs.LG},
      url={https://arxiv.org/abs/1404.1100}, 
}

@article{Fernandes,
title = {Real-time line detection through an improved Hough transform voting scheme},
journal = {Pattern Recognition},
volume = {41},
number = {1},
pages = {299-314},
year = {2008},
issn = {0031-3203},
doi = {https://doi.org/10.1016/j.patcog.2007.04.003},
url = {https://www.sciencedirect.com/science/article/pii/S0031320307001823},
author = {Leandro A.F. Fernandes and Manuel M. Oliveira},
}

@inproceedings{Zhang,
  title = {Line segment based map building and localization using 2D laser rangefinder},
  volume = {3},
  year = {2000},
  url = {http://dx.doi.org/10.1109/ROBOT.2000.846410},
  doi = {10.1109/robot.2000.846410},
  publisher = {IEEE},
  author = {Zhang,  L. and Ghosh,  B.K.},
  pages = {2538–2543},
}


@Comment{jabref-meta: databaseType:bibtex;}

@Comment{jabref-entrytype: online: req[url;urldate;note;year] opt[]}
